

@online{ipc,
	url={https://www.softprayog.in/programming/interprocess-communication-using-posix-shared-memory-in-linux},
	urldate = {04-12-2017},
	title = {Interprocess communication using POSIX Shared Memory in Linux},
	
}

@online{sem,
	url={https://www.softprayog.in/programming/posix-semaphores},
	urldate = {04-12-2017},
	title = {POSIX Semaphores},
	
}


@online{thrd,
	url={https://www.softprayog.in/programming/posix-threads-programming-in-c},
	urldate = {04-21-2017},
	title = {POSIX Threads Programming in C},
	
}

@online{sync,
	url={https://www.softprayog.in/programming/posix-threads-synchronization-in-c},
	urldate = {04-21-2017},
	title = {POSIX Threads Synchronization in C},
	
}

